<record><leader>00000cas a22000007a 4500</leader><controlfield tag="001">14257413</controlfield><controlfield tag="008">860924d19141952paucr ne      0    0eng d</controlfield><datafield ind1=" " ind2=" " tag="010"><subfield code="a">sn 87080006 </subfield></datafield><datafield ind1=" " ind2=" " tag="040"><subfield code="a">NPH</subfield><subfield code="b">eng</subfield><subfield code="c">NPH</subfield><subfield code="d">OCLCQ</subfield></datafield><datafield ind1=" " ind2=" " tag="042"><subfield code="a">msc</subfield></datafield><datafield ind1="0" ind2=" " tag="130"><subfield code="a">Wayne County citizen (Honesdale, Pa.)</subfield></datafield><datafield ind1="1" ind2="4" tag="245"><subfield code="a">The Wayne County citizen.</subfield></datafield><datafield ind1=" " ind2=" " tag="260"><subfield code="a">Honesdale, Wayne Co., Pa. :</subfield><subfield code="b">Citizen Pub. Co.,</subfield><subfield code="c">1914-1952.</subfield></datafield><datafield ind1=" " ind2=" " tag="300"><subfield code="a">39 v. :</subfield><subfield code="b">ill. ;</subfield><subfield code="c">54 cm.</subfield></datafield><datafield ind1=" " ind2=" " tag="310"><subfield code="a">Semiweekly,</subfield><subfield code="b">Oct. 6, 1937-Oct. 10, 1952</subfield></datafield><datafield ind1=" " ind2=" " tag="321"><subfield code="a">Semiweekly,</subfield><subfield code="b">Mar. 6, 1914-Dec. 24, 1927</subfield></datafield><datafield ind1=" " ind2=" " tag="321"><subfield code="a">Triweekly,</subfield><subfield code="b">Dec. 28, 1927-Oct. 1, 1937</subfield></datafield><datafield ind1="0" ind2=" " tag="362"><subfield code="a">72nd year, no. 19 (Mar. 6, 1914)-114th year, no. 78 (Oct. 10, 1952).</subfield></datafield><datafield ind1=" " ind2=" " tag="500"><subfield code="a">Editor: E.B. Callaway.</subfield></datafield><datafield ind1=" " ind2=" " tag="752"><subfield code="a">United States</subfield><subfield code="b">Pennsylvania</subfield><subfield code="c">Wayne</subfield><subfield code="d">Honesdale.</subfield></datafield><datafield ind1="0" ind2="0" tag="780"><subfield code="t">Citizen (Honesdale, Pa.)</subfield><subfield code="w">(DLC)sn 87078082</subfield><subfield code="w">(OCoLC)14233846</subfield></datafield><datafield ind1="0" ind2="7" tag="785"><subfield code="t">Hawley times</subfield><subfield code="w">(DLC)sn 86053533</subfield></datafield><datafield ind1="0" ind2="7" tag="785"><subfield code="t">Citizen-times (Honesdale, Pa.)</subfield><subfield code="w">(DLC)sn 87078081</subfield><subfield code="w">(OCoLC)14259500</subfield></datafield></record>